%YAML 1.1
%TAG !u! tag:unity3d.com,2011:
--- !u!243 &-4104153305600796548
AudioMixerGroupController:
  m_ObjectHideFlags: 0
  m_CorrespondingSourceObject: {fileID: 0}
  m_PrefabInstance: {fileID: 0}
  m_PrefabAsset: {fileID: 0}
  m_Name: AudioPrincipal
  m_AudioMixer: {fileID: 24100000}
  m_GroupID: 9ca91364051400e4f88964207b619401
  m_Children: []
  m_Volume: 3e76e034d702e294aae6b0b37c65deea
  m_Pitch: 0a15014ce3882684fb9229fa63841583
  m_Send: 00000000000000000000000000000000
  m_Effects:
  - {fileID: 7471142334775417484}
  - {fileID: 266405735399621046}
  m_UserColorIndex: 0
  m_Mute: 0
  m_Solo: 0
  m_BypassEffects: 0
--- !u!244 &-3872244422319844993
AudioMixerEffectController:
  m_ObjectHideFlags: 3
  m_CorrespondingSourceObject: {fileID: 0}
  m_PrefabInstance: {fileID: 0}
  m_PrefabAsset: {fileID: 0}
  m_Name: 
  m_EffectID: cfa4bee1ca4e2664c8de46ddda07f7ff
  m_EffectName: Flange
  m_MixLevel: a12bd2820fad9c9479fa31f0810787d6
  m_Parameters:
  - m_ParameterName: Drymix
    m_GUID: 7e04e2d7b2acdbb40b0f75edfb06b844
  - m_ParameterName: Wetmix
    m_GUID: f0a75b8fa9de93a479fac35f8b762656
  - m_ParameterName: Depth
    m_GUID: cf5ca4e61d3477e42a675b517ce03d1f
  - m_ParameterName: Rate
    m_GUID: 63be7aa57a042044fa53cb7d59d9c0ea
  m_SendTarget: {fileID: 0}
  m_EnableWetMix: 0
  m_Bypass: 0
--- !u!241 &24100000
AudioMixerController:
  m_ObjectHideFlags: 0
  m_CorrespondingSourceObject: {fileID: 0}
  m_PrefabInstance: {fileID: 0}
  m_PrefabAsset: {fileID: 0}
  m_Name: Global
  m_OutputGroup: {fileID: 0}
  m_MasterGroup: {fileID: 24300002}
  m_Snapshots:
  - {fileID: 24500006}
  m_StartSnapshot: {fileID: 24500006}
  m_SuspendThreshold: -80
  m_EnableSuspend: 1
  m_UpdateMode: 0
  m_ExposedParameters: []
  m_AudioMixerGroupViews:
  - guids:
    - 6677541cf94980044986f6cb7a3f350b
    - 9ca91364051400e4f88964207b619401
    - 414a89a30f6079048b7b5b540d0a4dc8
    - cab4687cae5339c419d4cdd40b9ea9bd
    name: View
  m_CurrentViewIndex: 0
  m_TargetSnapshot: {fileID: 24500006}
--- !u!243 &24300002
AudioMixerGroupController:
  m_ObjectHideFlags: 0
  m_CorrespondingSourceObject: {fileID: 0}
  m_PrefabInstance: {fileID: 0}
  m_PrefabAsset: {fileID: 0}
  m_Name: Master
  m_AudioMixer: {fileID: 24100000}
  m_GroupID: 6677541cf94980044986f6cb7a3f350b
  m_Children:
  - {fileID: -4104153305600796548}
  - {fileID: 6415336598677438207}
  - {fileID: 5590484354914184848}
  m_Volume: dc5dd546cc57a9a4898d5e480fe6374b
  m_Pitch: ba99dfbeb56290a4cb14536e77d3f16b
  m_Send: 00000000000000000000000000000000
  m_Effects:
  - {fileID: 24400004}
  m_UserColorIndex: 0
  m_Mute: 0
  m_Solo: 0
  m_BypassEffects: 0
--- !u!244 &24400004
AudioMixerEffectController:
  m_ObjectHideFlags: 3
  m_CorrespondingSourceObject: {fileID: 0}
  m_PrefabInstance: {fileID: 0}
  m_PrefabAsset: {fileID: 0}
  m_Name: 
  m_EffectID: 417ea9c42babbcf41a8d4371bd18c844
  m_EffectName: Attenuation
  m_MixLevel: 3989e8124434be0468de0bde317263bc
  m_Parameters: []
  m_SendTarget: {fileID: 0}
  m_EnableWetMix: 0
  m_Bypass: 0
--- !u!245 &24500006
AudioMixerSnapshotController:
  m_ObjectHideFlags: 0
  m_CorrespondingSourceObject: {fileID: 0}
  m_PrefabInstance: {fileID: 0}
  m_PrefabAsset: {fileID: 0}
  m_Name: Snapshot
  m_AudioMixer: {fileID: 24100000}
  m_SnapshotID: efcd3afaec4050842b62760c8212e47f
  m_FloatValues:
    ad076f51044ae2149b1b9284a7c684d4: 700
    3e76e034d702e294aae6b0b37c65deea: -15
    dc5dd546cc57a9a4898d5e480fe6374b: 0.025578512
    e19780a6261ce4b439069e26ecaa19b9: 100
    759e0e771c1bf8e4094fc124ad95da99: 2
    30eb23aa613f38a43b3ab78c2143c85c: -20
    1d48ebae2e3df744583f6c4cd98fb3d9: -10
  m_TransitionOverrides: {}
--- !u!244 &165232968528787466
AudioMixerEffectController:
  m_ObjectHideFlags: 3
  m_CorrespondingSourceObject: {fileID: 0}
  m_PrefabInstance: {fileID: 0}
  m_PrefabAsset: {fileID: 0}
  m_Name: 
  m_EffectID: 269cc449db92bc24db3a3f6c857afb8d
  m_EffectName: Attenuation
  m_MixLevel: d0deaa4678264e645a91833ecb27506a
  m_Parameters: []
  m_SendTarget: {fileID: 0}
  m_EnableWetMix: 0
  m_Bypass: 0
--- !u!244 &266405735399621046
AudioMixerEffectController:
  m_ObjectHideFlags: 3
  m_CorrespondingSourceObject: {fileID: 0}
  m_PrefabInstance: {fileID: 0}
  m_PrefabAsset: {fileID: 0}
  m_Name: 
  m_EffectID: 556267e52df573d4790c3a321734d566
  m_EffectName: Lowpass
  m_MixLevel: 40fdd51a35ae1124dab65b3d2f6f6d02
  m_Parameters:
  - m_ParameterName: Cutoff freq
    m_GUID: ad076f51044ae2149b1b9284a7c684d4
  - m_ParameterName: Resonance
    m_GUID: 759e0e771c1bf8e4094fc124ad95da99
  m_SendTarget: {fileID: 0}
  m_EnableWetMix: 0
  m_Bypass: 0
--- !u!244 &1742918497809385608
AudioMixerEffectController:
  m_ObjectHideFlags: 3
  m_CorrespondingSourceObject: {fileID: 0}
  m_PrefabInstance: {fileID: 0}
  m_PrefabAsset: {fileID: 0}
  m_Name: 
  m_EffectID: 307b5591f763ffc4aa2e8e3fdd68fe9d
  m_EffectName: Attenuation
  m_MixLevel: d4c2ed2c130a85c47a1f7e2ba03ccfa2
  m_Parameters: []
  m_SendTarget: {fileID: 0}
  m_EnableWetMix: 0
  m_Bypass: 0
--- !u!244 &4700225474113458529
AudioMixerEffectController:
  m_ObjectHideFlags: 3
  m_CorrespondingSourceObject: {fileID: 0}
  m_PrefabInstance: {fileID: 0}
  m_PrefabAsset: {fileID: 0}
  m_Name: 
  m_EffectID: c3947d707ab2b664e92b9fd0b191798d
  m_EffectName: Echo
  m_MixLevel: 0f8fb08e7bb22d04d9bf09f495bcb498
  m_Parameters:
  - m_ParameterName: Delay
    m_GUID: e19780a6261ce4b439069e26ecaa19b9
  - m_ParameterName: Decay
    m_GUID: f3a3ec58f6f09b64bbed7ee331bd757f
  - m_ParameterName: Max channels
    m_GUID: 071eb653edd7166448160101e4782f07
  - m_ParameterName: Drymix
    m_GUID: f09830bb5ed8db94ab03690aefb49b21
  - m_ParameterName: Wetmix
    m_GUID: ad93855c6c9c95840850d4cecff74d27
  m_SendTarget: {fileID: 0}
  m_EnableWetMix: 0
  m_Bypass: 0
--- !u!243 &5590484354914184848
AudioMixerGroupController:
  m_ObjectHideFlags: 0
  m_CorrespondingSourceObject: {fileID: 0}
  m_PrefabInstance: {fileID: 0}
  m_PrefabAsset: {fileID: 0}
  m_Name: EfectosdeSonido
  m_AudioMixer: {fileID: 24100000}
  m_GroupID: cab4687cae5339c419d4cdd40b9ea9bd
  m_Children: []
  m_Volume: 1d48ebae2e3df744583f6c4cd98fb3d9
  m_Pitch: 3ad37d16729c8e442807ac5cc814ca92
  m_Send: 00000000000000000000000000000000
  m_Effects:
  - {fileID: 1742918497809385608}
  m_UserColorIndex: 0
  m_Mute: 0
  m_Solo: 0
  m_BypassEffects: 0
--- !u!243 &6415336598677438207
AudioMixerGroupController:
  m_ObjectHideFlags: 0
  m_CorrespondingSourceObject: {fileID: 0}
  m_PrefabInstance: {fileID: 0}
  m_PrefabAsset: {fileID: 0}
  m_Name: Ambiental
  m_AudioMixer: {fileID: 24100000}
  m_GroupID: 414a89a30f6079048b7b5b540d0a4dc8
  m_Children: []
  m_Volume: 30eb23aa613f38a43b3ab78c2143c85c
  m_Pitch: a8e045d0b681d064da306e26e4310424
  m_Send: 00000000000000000000000000000000
  m_Effects:
  - {fileID: 165232968528787466}
  - {fileID: 4700225474113458529}
  m_UserColorIndex: 0
  m_Mute: 0
  m_Solo: 0
  m_BypassEffects: 0
--- !u!244 &7471142334775417484
AudioMixerEffectController:
  m_ObjectHideFlags: 3
  m_CorrespondingSourceObject: {fileID: 0}
  m_PrefabInstance: {fileID: 0}
  m_PrefabAsset: {fileID: 0}
  m_Name: 
  m_EffectID: 08db143db0c4ead40a8916090cb45915
  m_EffectName: Attenuation
  m_MixLevel: a05735c012820d64881a4b0148966221
  m_Parameters: []
  m_SendTarget: {fileID: 0}
  m_EnableWetMix: 0
  m_Bypass: 0
